[gd_scene load_steps=4 format=2]

[ext_resource path="res://addons/nframework/assets/ui/theme_font_pixel.tres" type="Theme" id=1]
[ext_resource path="res://addons/nframework/plugins/TextBox.gd" type="Script" id=2]

[sub_resource type="StyleBoxFlat" id=1]
bg_color = Color( 0.133333, 0.133333, 0.133333, 1 )
border_width_left = 4
border_width_top = 4
border_width_right = 4
border_width_bottom = 4
border_color = Color( 1, 1, 1, 1 )

[node name="TextBox" type="CanvasLayer"]
script = ExtResource( 2 )

[node name="TextBoxContainer" type="MarginContainer" parent="."]
anchor_top = 1.0
anchor_right = 1.0
anchor_bottom = 1.0
margin_top = -107.0
theme = ExtResource( 1 )
__meta__ = {
"_edit_use_anchors_": false
}

[node name="Panel" type="Panel" parent="TextBoxContainer"]
margin_right = 320.0
margin_bottom = 107.0
custom_styles/panel = SubResource( 1 )

[node name="MarginContainer" type="MarginContainer" parent="TextBoxContainer"]
margin_right = 320.0
margin_bottom = 107.0
custom_constants/margin_right = 16
custom_constants/margin_top = 16
custom_constants/margin_left = 16
custom_constants/margin_bottom = 16

[node name="Panel" type="Panel" parent="TextBoxContainer/MarginContainer"]
visible = false
margin_left = 16.0
margin_top = 16.0
margin_right = 304.0
margin_bottom = 91.0

[node name="HBoxContainer" type="HBoxContainer" parent="TextBoxContainer/MarginContainer"]
margin_left = 16.0
margin_top = 16.0
margin_right = 304.0
margin_bottom = 91.0

[node name="StartSymbol" type="Label" parent="TextBoxContainer/MarginContainer/HBoxContainer"]
margin_right = 4.0
margin_bottom = 11.0
size_flags_vertical = 0
text = "*"

[node name="Text" type="Label" parent="TextBoxContainer/MarginContainer/HBoxContainer"]
margin_left = 8.0
margin_right = 268.0
margin_bottom = 75.0
size_flags_horizontal = 3
size_flags_vertical = 5
text = "The quick brown fox jumps over the lazy dog. The quick brown fox jumps over the lazy dog."
autowrap = true
clip_text = true

[node name="EndSymbol" type="Label" parent="TextBoxContainer/MarginContainer/HBoxContainer"]
margin_left = 272.0
margin_top = 64.0
margin_right = 288.0
margin_bottom = 75.0
rect_min_size = Vector2( 16, 0 )
size_flags_vertical = 8
text = "v"

[node name="Tween" type="Tween" parent="."]

[connection signal="tween_completed" from="Tween" to="." method="_on_Tween_tween_completed"]
