[gd_scene load_steps=5 format=2]

[ext_resource path="res://addons/nframework/screens/SettingsMenu.gd" type="Script" id=1]
[ext_resource path="res://addons/nframework/ui/RebindPopup.tscn" type="PackedScene" id=2]
[ext_resource path="res://addons/nframework/ui/VolumeControl.tscn" type="PackedScene" id=4]
[ext_resource path="res://addons/nframework/assets/ui/theme_lowres_tex.tres" type="Theme" id=5]

[node name="SettingsMenu" type="Control"]
anchor_right = 1.0
anchor_bottom = 1.0
theme = ExtResource( 5 )
script = ExtResource( 1 )
__meta__ = {
"_edit_use_anchors_": false
}

[node name="Panel" type="Panel" parent="."]
anchor_right = 1.0
anchor_bottom = 1.0
__meta__ = {
"_edit_use_anchors_": false
}

[node name="MarginContainer" type="MarginContainer" parent="."]
anchor_right = 1.0
anchor_bottom = 1.0
custom_constants/margin_right = 4
custom_constants/margin_top = 4
custom_constants/margin_left = 4
custom_constants/margin_bottom = 4
__meta__ = {
"_edit_use_anchors_": false
}

[node name="Back" type="Button" parent="MarginContainer"]
margin_left = 4.0
margin_top = 4.0
margin_right = 36.0
margin_bottom = 25.0
size_flags_horizontal = 0
size_flags_vertical = 0
text = "Back"
__meta__ = {
"_edit_use_anchors_": false
}

[node name="VBoxContainer" type="VBoxContainer" parent="MarginContainer"]
margin_left = 4.0
margin_top = 4.0
margin_right = 1276.0
margin_bottom = 716.0
mouse_filter = 2
__meta__ = {
"_edit_use_anchors_": false
}

[node name="Title" type="Label" parent="MarginContainer/VBoxContainer"]
margin_right = 1272.0
margin_bottom = 11.0
text = "Settings"
align = 1

[node name="TabButtons" type="HBoxContainer" parent="MarginContainer/VBoxContainer"]
margin_left = 568.0
margin_top = 15.0
margin_right = 703.0
margin_bottom = 36.0
size_flags_horizontal = 4
size_flags_stretch_ratio = 0.5

[node name="VideoTabButton" type="Button" parent="MarginContainer/VBoxContainer/TabButtons"]
margin_right = 37.0
margin_bottom = 21.0
size_flags_horizontal = 3
toggle_mode = true
text = "Video"

[node name="AudioTabButton" type="Button" parent="MarginContainer/VBoxContainer/TabButtons"]
margin_left = 41.0
margin_right = 78.0
margin_bottom = 21.0
size_flags_horizontal = 3
toggle_mode = true
text = "Audio"

[node name="ControlsTabButton" type="Button" parent="MarginContainer/VBoxContainer/TabButtons"]
margin_left = 82.0
margin_right = 135.0
margin_bottom = 21.0
size_flags_horizontal = 3
toggle_mode = true
text = "Controls"

[node name="MarginContainer" type="MarginContainer" parent="MarginContainer/VBoxContainer"]
margin_top = 40.0
margin_right = 1272.0
margin_bottom = 712.0
size_flags_horizontal = 3
size_flags_vertical = 3

[node name="TabsContainer" type="PanelContainer" parent="MarginContainer/VBoxContainer/MarginContainer"]
margin_right = 1272.0
margin_bottom = 672.0
size_flags_horizontal = 3
size_flags_vertical = 3

[node name="VideoTab" type="ScrollContainer" parent="MarginContainer/VBoxContainer/MarginContainer/TabsContainer"]
margin_left = 5.0
margin_top = 5.0
margin_right = 1267.0
margin_bottom = 667.0
size_flags_horizontal = 3
size_flags_vertical = 3
follow_focus = true
__meta__ = {
"_edit_use_anchors_": false
}

[node name="MarginContainer" type="MarginContainer" parent="MarginContainer/VBoxContainer/MarginContainer/TabsContainer/VideoTab"]
margin_right = 1262.0
margin_bottom = 662.0
size_flags_horizontal = 3
size_flags_vertical = 3
custom_constants/margin_right = 32
custom_constants/margin_top = 8
custom_constants/margin_left = 32
custom_constants/margin_bottom = 8

[node name="VideoSettings" type="VBoxContainer" parent="MarginContainer/VBoxContainer/MarginContainer/TabsContainer/VideoTab/MarginContainer"]
margin_left = 32.0
margin_top = 8.0
margin_right = 1230.0
margin_bottom = 654.0
size_flags_horizontal = 3
size_flags_vertical = 3

[node name="Fullscreen" type="CheckButton" parent="MarginContainer/VBoxContainer/MarginContainer/TabsContainer/VideoTab/MarginContainer/VideoSettings"]
margin_right = 1198.0
margin_bottom = 16.0
text = "Fullscreen"

[node name="Borderless" type="CheckButton" parent="MarginContainer/VBoxContainer/MarginContainer/TabsContainer/VideoTab/MarginContainer/VideoSettings"]
margin_top = 20.0
margin_right = 1198.0
margin_bottom = 36.0
text = "Borderless"

[node name="VSync" type="CheckButton" parent="MarginContainer/VBoxContainer/MarginContainer/TabsContainer/VideoTab/MarginContainer/VideoSettings"]
margin_top = 40.0
margin_right = 1198.0
margin_bottom = 56.0
text = "Vsync"

[node name="FPS" type="CheckButton" parent="MarginContainer/VBoxContainer/MarginContainer/TabsContainer/VideoTab/MarginContainer/VideoSettings"]
margin_top = 60.0
margin_right = 1198.0
margin_bottom = 76.0
text = "FPS Counter"

[node name="AudioTab" type="ScrollContainer" parent="MarginContainer/VBoxContainer/MarginContainer/TabsContainer"]
visible = false
margin_left = 7.0
margin_top = 7.0
margin_right = 305.0
margin_bottom = 129.0
follow_focus = true

[node name="MarginContainer" type="MarginContainer" parent="MarginContainer/VBoxContainer/MarginContainer/TabsContainer/AudioTab"]
margin_right = 298.0
margin_bottom = 122.0
size_flags_horizontal = 3
size_flags_vertical = 3
custom_constants/margin_right = 32
custom_constants/margin_top = 16
custom_constants/margin_left = 32
custom_constants/margin_bottom = 16

[node name="AudioSettings" type="VBoxContainer" parent="MarginContainer/VBoxContainer/MarginContainer/TabsContainer/AudioTab/MarginContainer"]
margin_left = 32.0
margin_top = 16.0
margin_right = 266.0
margin_bottom = 106.0
size_flags_horizontal = 3
size_flags_vertical = 3

[node name="Master" parent="MarginContainer/VBoxContainer/MarginContainer/TabsContainer/AudioTab/MarginContainer/AudioSettings" instance=ExtResource( 4 )]
anchor_right = 0.0
margin_right = 234.0

[node name="Music" parent="MarginContainer/VBoxContainer/MarginContainer/TabsContainer/AudioTab/MarginContainer/AudioSettings" instance=ExtResource( 4 )]
anchor_right = 0.0
margin_top = 20.0
margin_right = 234.0
margin_bottom = 36.0
bus = 1

[node name="SFX" parent="MarginContainer/VBoxContainer/MarginContainer/TabsContainer/AudioTab/MarginContainer/AudioSettings" instance=ExtResource( 4 )]
anchor_right = 0.0
margin_top = 40.0
margin_right = 234.0
margin_bottom = 56.0
bus = 2

[node name="ControlsTab" type="ScrollContainer" parent="MarginContainer/VBoxContainer/MarginContainer/TabsContainer"]
visible = false
margin_left = 7.0
margin_top = 7.0
margin_right = 305.0
margin_bottom = 129.0
follow_focus = true

[node name="MarginContainer" type="MarginContainer" parent="MarginContainer/VBoxContainer/MarginContainer/TabsContainer/ControlsTab"]
margin_right = 298.0
margin_bottom = 122.0
size_flags_horizontal = 3
size_flags_vertical = 3
custom_constants/margin_right = 32
custom_constants/margin_top = 16
custom_constants/margin_left = 32
custom_constants/margin_bottom = 16

[node name="ControlsSettings" type="VBoxContainer" parent="MarginContainer/VBoxContainer/MarginContainer/TabsContainer/ControlsTab/MarginContainer"]
margin_left = 32.0
margin_top = 16.0
margin_right = 266.0
margin_bottom = 106.0
size_flags_horizontal = 3
size_flags_vertical = 3

[node name="ControlsList" type="VBoxContainer" parent="MarginContainer/VBoxContainer/MarginContainer/TabsContainer/ControlsTab/MarginContainer/ControlsSettings"]
margin_right = 234.0
__meta__ = {
"_edit_use_anchors_": false
}

[node name="ControlsTabs" type="TabContainer" parent="MarginContainer/VBoxContainer/MarginContainer/TabsContainer/ControlsTab/MarginContainer/ControlsSettings"]
visible = false
margin_top = 4.0
margin_right = 272.0
margin_bottom = 39.0

[node name="RebindPopup" parent="." instance=ExtResource( 2 )]
visible = false

[connection signal="pressed" from="MarginContainer/VBoxContainer/TabButtons/VideoTabButton" to="." method="_on_VideoTabButton_pressed"]
[connection signal="pressed" from="MarginContainer/VBoxContainer/TabButtons/AudioTabButton" to="." method="_on_AudioTabButton_pressed"]
[connection signal="pressed" from="MarginContainer/VBoxContainer/TabButtons/ControlsTabButton" to="." method="_on_ControlsTabButton_pressed"]
